@article{supriantoaplikasi,
  title={APLIKASI SISTEM INFORMASI GEOGRAFIS BERBASIS WEB PEMETAAN LOKASI PANTI SOSIAL DI KOTA PANGKALPINANG},
  author={Suprianto, Agus}
}
